@techreport{ChacoReport,
	author = {\textbf{Guiterman, C. H.} and Swetnam, T. W. and Dean, J. S. and Creasman, P. P.},
	title = {{Dendrochronological sourcing of timbers from the Great Houses of Chaco Canyon, New Mexico}},
	year = {2014},
	institution = {{Final report to Chaco Culture National Historical Park and Western National Parks Association (WNPA Grant 13-02). Laboratory of Tree-Ring Research, University of Arizona, Tucson, AZ.}},
	pages = {25}
}


@techreport{NavajoClimateSensitivity,
  author = {\textbf{Guiterman, C. H.}},
  title = {{Climatic sensitivities of Navajo forestlands: use-inspired research to guide tribal forest management}},
  year = {2015},
  institution = {{Final report for Climate & Society Fellowship, Climte Assessment of the Southwest}},
}

@techreport{Shrubfields,
  author = {\textbf{Guiterman, C. H.} and Margolis, E. Q. and Swetnam, T. W.},
  title = {{Dendroecological analyses of fire-origin shrublands in former conifer forests of the Jemez Mountains, New Mexico}},
  year = {2015},
  institution = {{Final report to NPS Bandelier National Monument (DS CESU project UAZDS-402). Laboratory of Tree-Ring Research, University of Arizona, Tucson, AZ}}
}

@incollection{Eusden,
  author = {Eusden, J. and Anderson, B. and Castro, C. and Gardner, P. and \textbf{Guiterman, C.} and Higgens, S. and Kugel, K. and Rodda C. and Tamposi, C.},
  title = {{Bedrock Geology of Mt. Washington, Presidential Range, NH}},
  year = {2017},
  editor = {Johnson, B. and Eusden, J.},
  booktitle = {{Guidebook for Field Trips in Western Maine and Northern New Hampshire: New England Intercollegiate Geological Conference}},
  institution = {{Bates College}},
  pages = {177--196}
}

@book{NavajoVulnerabilities,
  author = {\textbf{Guiterman, C. H.} and Margolis, Ellis Q.},
  publisher = {Final report to the Bureau of Indian Affairs Tribal Resilience Program},
  title = {{Vulnerabilities of Navajo Nation Forests to Climate Change}},
  url = {https://chguiterman.github.io/Nav_report/},
  year = {2019}
}

@article{ChacoSWMag,
  author = {\textbf{Guiterman, C. H.} and Baisan, C. H.},
  title = {{The origins of great house construction timbers at Chaco Canyon}},
  year = {2019},
  journal = {Southwest Archaeology Magazine},
  url = {https://www.archaeologysouthwest.org/product/asw32-3/}
}

