
@article{parks_fire_nodate,
	title = {A fire deficit persists across diverse {North} {American} forests despite recent increases in area burned},
	journal = {Nature Communications},
	author = {Parks, Sean A. and Guiterman, Christopher and Margolis, Ellis Q and Lonergan, Margaret K. and Whitman, Ellen and Abatzoglou, John T. and Falk, Donald A. and Johnston, James D. and Daniels, Lori D. and Lafon, Charles W. and Loehman, Rachel A. and Kipfmueller, Kurt F. and Naficy, Cameron E. and Parisien, Marc André and Portier, Jeanne and Stambaugh, Michael C. and Williams, A. Park and Wion, Andreas P. and Yocom, Larissa L.},
	pubstate = {In revision}
}


@article{mcclure_multi-century_nodate,
	title = {A multi-century perspective reveals an extensive contemporary fire deficit but anomalous fire severity in dry conifer forests of the southwestern {United} {States}},
	journal = {Nature Communications Earth \& Environment},
	author = {McClure, Emma J. and Coop, Jonathan D. and Guiterman, Christopher H and Margolis, Ellis Q. and Parks, Sean A.},
	pubstate = {In revision}
}


@article{margolis_spatiotemporal_nodate,
	title = {Spatiotemporal synchrony of climate and fire occurrence across {North} {American} forests (1750-1880)},
	journal = {Global Ecology and Biogeography},
	author = {Margolis, Ellis Q. and Wion, Andreas P. and Abatzoglou, John T. and Daniels, Lori D. and Falk, Donald A. and Guiterman, Christopher H. and Johnston, James D. and Kipfmueller, Kurt F. and Lafon, Charles W. and Loehman, Rachel A. and Lonergan, Margaret K. and Naficy, Cameron E. and Parisien, Marc André and Parks, Sean A. and Portier, Jeanne and Stambaugh, Michael C. and Whitman, Ellen and Williams, A. Park and Yocom, Larissa L.},
	pubstate = {In review}
}


