@article{Guiterman2011,
	author = {\textbf{{Guiterman, C. H.}} and Weiskittel, Aaron R and Seymour, Robert S},
	issn = {07426348},
	journal = {Northern Journal of Applied Forestry},
	keywords = {Crop-tree management,Girard form class,Pinus strobus,Silviculture,Taper equations,crop-tree management,girard form class,pinus strobus,silviculture,taper equations},
	number = {3},
	pages = {123--128},
	title = {{Influences of conventional and low-density thinning on the lower bole taper and volume growth of eastern white pine}},
	url = {http://www.ingentaconnect.com/content/saf/njaf/2011/00000028/00000003/art00002},
	volume = {28},
	year = {2011},
	doi = {10.1093/njaf/28.3.123}
}
@article{Guiterman2012,
	author = {{\textbf{Guiterman, C.H.}} and Seymour, R.S. and Weiskittel, A.R.},
	doi = {10.5849/forsci.10-002},
	issn = {0015749X},
	journal = {Forest Science},
	keywords = {Eastern white pine,Nonlinear least squares,Nonlinear mixed effects,Weighted models,a primary goal of,an effective metric for,anopy leaf area is,eastern white pine,entire stands,evaluating the productivity of,individual trees and,nonlinear least squares,nonlinear mixed effects,silvicultural thin-,weighted models},
	number = {1},
	pages = {85--93},
	title = {{Long-term thinning effects on the leaf area of Pinus strobus L. as estimated from litterfall and individual-tree allometric models}},
	url = {http://www.ingentaconnect.com/content/saf/fs/2012/00000058/00000001/art00009},
	volume = {58},
	year = {2012}
}
@article{Brice2013,
	author = {Brice, Becky and Lorion, Kara K. and Griffin, Daniel and Macalady, Alison K. and \textbf{Guiterman, C. H.} and Speer, James H. and Benakoun, Laura R. and Cutter, Amy and Hart, Megan E and Murray, Michael P. and Nash, Stephen E. and Shepard, Robert and Stewart, Alexander K. and Wang, Haitao},
	doi = {10.3959/1536-1098-69.2.81},
	issn = {15361098},
	journal = {Tree-Ring Research},
	number = {2},
	pages = {81--86},
	title = {{Signal strength in sub-annual tree-ring chronologies from Pinus ponderosa in northern New Mexico}},
	url = {http://www.bioone.org/doi/abs/10.3959/1536-1098-69.2.81},
	volume = {69},
	year = {2013}
}
@article{Guiterman2015,
	author = {\textbf{Guiterman, C. H.} and Margolis, Ellis Q. and Swetnam, Thomas W.},
	journal = {Tree-Ring Research},
	doi = {10.3959/1536-1098-71.2.67},
	number = {2},
	pages = {67--77},
	title = {{Dendroecological methods for reconstructing high severity fire in pine-oak forests}},
	volume = {71},
	year = {2015}
}
@article{Creasman2014,
	author = {Creasman, Pearce Paul and Baisan, Christopher H. and \textbf{Guiterman, C. H.}},
	doi = {10.1016/j.dendro.2014.10.001},
	issn = {11257865},
	journal = {Dendrochronologia},
	month = {nov},
	pages = {8--15},
	title = {{Dendrochronological Evaluation of Ship Timber from Charlestown Navy Yard (Boston, MA)}},
	url = {http://linkinghub.elsevier.com/retrieve/pii/S1125786514000927},
	volume = {33},
	year = {2015}
}
@article{Guiterman2016,
	author = {\textbf{Guiterman, C. H.} and Swetnam, Thomas W. and Dean, Jeffrey S.},
	doi = {10.1073/pnas.1514272112},
	issn = {0027-8424},
	journal = {Proceedings of the National Academy of Sciences},
	month = {dec},
	number = {5},
	pages = {1186--1190},
	title = {{Eleventh-century shift in timber procurement areas for the great houses of Chaco Canyon}},
	url = {http://www.pnas.org/lookup/doi/10.1073/pnas.1514272112},
	volume = {113},
	year = {2016}
}
@article{Betancourt2016,
	author = {Betancourt, Julio L. and \textbf{Guiterman, C. H.}},
	doi = {10.22498/pages.24.2.64},
	issn = {2411605X},
	journal = {Past Global Change Magazine},
	number = {2},
	pages = {64--65},
	title = {{Revisiting human-environment interactions in Chaco Canyon and the American Southwest}},
	url = {http://www.pastglobalchanges.org/products/pages-magazine/7411-human-environment-interactions-chaco},
	volume = {24},
	year = {2016}
}
@article{Brewer2016,
	author = {Brewer, Peter W. and \textbf{Guiterman, C. H.}},
	doi = {10.1016/j.dendro.2016.04.005},
	issn = {11257865},
	journal = {Dendrochronologia},
	pages = {131--135},
	title = {{A new digital field data collection system for dendrochronology}},
	url = {http://linkinghub.elsevier.com/retrieve/pii/S1125786516300492},
	volume = {38},
	year = {2016}
}
@article{Evans2018,
	author = {Evans, M.E.K. and Gugger, P.F. and Lynch, A.M. and \textbf{Guiterman, C.H.} and Fowler, J.C. and Klesse, S. and Riordan, E.C.},
	doi = {10.1111/nph.15094},
	issn = {14698137},
	journal = {New Phytologist},
	number = {2},
	title = {{Dendroecology meets genomics in the common garden: new insights into climate adaptation}},
	volume = {218},
	year = {2018}
}
@article{Malevich2018,
	author = {Malevich, Steven B. and \textbf{Guiterman, C. H.} and Margolis, Ellis Q.},
	doi = {10.1016/j.dendro.2018.02.005},
	isbn = {11257865},
	issn = {16120051},
	journal = {Dendrochronologia},
	number = {February},
	pages = {9--15},
	title = {{\texttt{burnr}: Fire history analysis and graphics in R}},
	volume = {49},
	year = {2018}
}
@article{Klesse2018,
	author = {Klesse, Stefan and DeRose, R. Justin and \textbf{Guiterman, C. H.} and Lynch, Ann M. and O'Connor, Christopher D. and Shaw, John D. and Evans, Margaret E. K.},
	doi = {10.1038/s41467-018-07800-y},
	isbn = {4146701807800},
	issn = {2041-1723},
	journal = {Nature Communications},
	number = {1},
	pages = {5336},
	publisher = {Springer US},
	title = {{Sampling bias overestimates climate change impacts on forest growth in the southwestern United States}},
	url = {http://www.nature.com/articles/s41467-018-07800-y},
	volume = {9},
	year = {2018}
}
@article{Guiterman2018,
	author = {\textbf{Guiterman, C. H.} and Margolis, Ellis Q. and Allen, Craig D. and Falk, Donald A. and Swetnam, Thomas W.},
	doi = {10.1007/s10021-017-0192-2},
	isbn = {1002101701922},
	issn = {14350629},
	journal = {Ecosystems},
	number = {5},
	pages = {943--959},
	title = {{Long-Term Persistence and Fire Resilience of Oak Shrubfields in Dry Conifer Forests of Northern New Mexico}},
	url = {http://link.springer.com/10.1007/s10021-017-0192-2},
	volume = {21},
	year = {2018}
}
@article{Guiterman2019,
	author = {\textbf{Guiterman, C. H.} and Margolis, Ellis Q. and Baisan, Christopher H. and Falk, Donald A. and Allen, Craig D. and Swetnam, Thomas W.},
	doi = {10.1002/ecs2.2932},
	journal = {Ecosphere},
	number = {11},
	pages = {e02932},
	title = {{Spatiotemporal variability of human â€“ fire interactions on the Navajo Nation}},
	volume = {10},
	year = {2019}
}
@article{Klesse2020,
	author = {Klesse, Stefan and DeRose, Robert Justin and Babst, Flurin and Black, Bryan A. and Anderegg, Leander D.L. and Axelson, Jodi and Ettinger, Ailene and Griesbauer, Hardy and \textbf{Guiterman, C. H.} and Harley, Grant and Harvey, Jill E. and Lo, Yueh Hsin and Lynch, Ann M. and O'Connor, Christopher and Restaino, Christina and Sauchyn, Dave and Shaw, John D. and Smith, Dan J. and Wood, Lisa and Villanueva-D{\'{i}}az, Jose and Evans, Margaret E.K.},
	doi = {10.1111/gcb.15170},
	issn = {13652486},
	journal = {Global Change Biology},
	number = {9},
	pages = {5146--5163},
	title = {{Continental-scale tree-ring-based projection of Douglas-fir growth: Testing the limits of space-for-time substitution}},
	volume = {26},
	year = {2020}
}
@article{Guiterman2020a,
	author = {\textbf{Guiterman, C. H.} and Baisan, Christopher H. and English, Nathan B. and Quade, Jay and Dean, Jeffrey S. and Swetnam, Thomas W.},
	doi = {10.1017/aaq.2020.6},
	issn = {00027316},
	journal = {American Antiquity},
	number = {2},
	pages = {331--346},
	title = {{Convergence of evidence supports a Chuska Mountains origin for the Plaza Tree of Pueblo Bonito, Chaco Canyon}},
	volume = {85},
	year = {2020}
}
@article{Guiterman2020,
	author = {\textbf{Guiterman, C. H.} and Lynch, Ann M. and Axelson, Jodi N.},
	doi = {10.1016/j.dendro.2020.125750},
	issn = {16120051},
	journal = {Dendrochronologia},
	pages = {125750},
	title = {{\texttt{dfoliatR}: An R package for detection and analysis of insect defoliation signals in tree rings}},
	url = {https://doi.org/10.1016/j.dendro.2020.125750},
	volume = {63},
	year = {2020}
}
@article{Rother2020,
	author = {Rother, Monica T. and Huffman, Jean M. and \textbf{Guiterman, C. H.} and Robertson, Kevin M. and Jones, Neil},
	doi = {10.1016/j.foreco.2020.118406},
	issn = {0378-1127},
	journal = {Forest Ecology and Management},
	pages = {118406},
	publisher = {Elsevier},
	title = {{A history of recurrent, low-severity fire without fire exclusion in southeastern pine savannas, USA}},
	url = {https://doi.org/10.1016/j.foreco.2020.118406},
	volume = {475},
	year = {2020}
}

@article{Roospnas,
	author = {Roos, C. I. and Swetnam, T. W. and Ferguson, T. J. and Liebmann, M. J. and Loehman, R. A. and Welch, J. R. and Margolis, E. Q. and \textbf{Guiterman, C. H.} and Hockaday, W. C. and Aiuvalasit, M. J. and Battillo, J. and Farella, J. and Kiahtipes, C. A. and  Toya, C. and Tosa, C.},
	journal = {Proceedings of the National Academies of Sciences},
	number = {4},
	pages = {},
	title = {{Native American fire management at an ancient wildland-urban interface in the Southwest US}},
	url = {},
	volume = {118},
	year = {2021},
	doi = {10.1073/pnas.2018733118},
	month = {}
}

@article{Briceclimateservices,
	author = {Brice, B. and \textbf{Guiterman, C. H.} and Woodhouse, C. and McClellan, C. and Sheppard, P. R.},
	journal = {Climate Services},
	number = {},
	year = {2021},
	pages = {100213},
	title = {{Comparing tree-ring based reconstructions of snowpack variability at different scales for the Navajo Nation}},
	url = {},
	volume = {22},
	doi = {10.1016/j.cliser.2021.100213},
	month = {}
}

@article{Roosholocene,
  author = {Roos, C. I. and \textbf{Guiterman, C. H.}},
  title = {{Dating the origins of persistent oak shrubfields in northern New Mexico using soil charcoal and dendrochronology}},
  journal = {The Holocene},
  year = {2021},
  doi = {10.1177/09596836211003255},
  month = {March}
}

@article{Guiterman2022,
	author = {\textbf{Guiterman, C. H.} and Gregg, R. and Marshall, L. A. and  Beckman, J. and {van Mantgem}, P. J. and Falk, D. A. and Keeley, J. E. and Caprio, A. C. and Coop, J. D. and Haffey, C. and Hagmann, R.K. and Jackson, S. T. and Lynch, A. M. and Margolis, E. Q. and Marks, C. and Meyer, M. D. and Safford, H. and Syphard, A. D. and Taylor, A. H. and Wilcox, C. and Enquist, C. A. F. and Fornwalt, P. J. and Huffman, D. W. and Iniguez, J. and Molinari, N. A. and Restaino, C. and Stevens, J. T.},
	journal = {Fire Ecology},
	number = {6},
	year = {2022},
	pages = {1-16},
	title = {{Vegetation type conversion in the US Southwest: Frontline observation and management responses}},
	url = {},
	volume = {18},
	doi = {10.1186/s42408-022-00131-w},
	month = {December}
}

@Article{MargolisNAFSN,
  Title = {The {North American} tree-ring fire scar network},
  year = {2022},
  Author = {Margolis, Ellis Q. and Guiterman, Christopher H. and Chavard{\`e}s, Rapha{\"e}l D. and Coop, Jonathan D. and Copes-Gerbitz, Kelsey and Dawe, Denyse A. and Falk, Donald A. and Johnston, James D. and Larson, Evan and Li, Hang and Marschall, Joseph M. and Naficy, Cameron E. and Naito, Adam T. and Parisien, Marc-Andr{\'e} and Parks, Sean A. and Portier, Jeanne and Poulos, Helen M. and Robertson, Kevin M. and Speer, James H. and Stambaugh, Michael and Swetnam, Thomas W. and Tepley, Alan J. and Thapa, Ichchha and Allen, Craig D. and Bergeron, Yves and Daniels, Lori D. and Ful{\'e}, Peter Z. and Gervais, David and Girardin, Martin P. and Harley, Grant L. and Harvey, Jill E. and Hoffman, Kira M. and Huffman, Jean M. and Hurteau, Matthew D. and Johnson, Lane B. and Lafon, Charles W. and Lopez, Manuel K. and Maxwell, R. Stockton and Meunier, Jed and North, Malcolm and Rother, Monica T. and Schmidt, Micah R. and Sherriff, Rosemary L. and Stachowiak, Lauren A. and Taylor, Alan and Taylor, Erana J. and Trouet, Valerie and Villarreal, Miguel L. and Yocom, Larissa L. and Arabas, Karen B. and Arizpe, Alexis H. and Arseneault, Dominique and Azpeleta Taranc{\`o}n, Alicia and Baisan, Christopher and Bigio, Erica and Biondi, Franco and Cahalan, Gabriel D. and Caprio, Anthony and Cerano-Paredes, Juli{\'a}n and Collins, Brandon M. and Dey, Daniel C. and Drobyshev, Igor and Farris, Calvin and Fenwick, M. Adele and Flatley, William and Floyd, M. Lisa and Gedalof, Ze'ev and Holz, Andres and Howard, Lauren F. and Huffman, David W. and Iniguez, Jose and Kipfmueller, Kurt F. and Kitchen, Stanley G and Lombardo, Keith and McKenzie, Donald and Merschel, Andrew G. and Metlen, Kerry L. and Minor, Jesse and O'Connor, Christopher D. and Platt, Laura and Platt, William J. and Saladyga, Thomas and Stan, Amanda B. and Stephens, Scott and Sutheimer, Colleen and Touchan, Ramzi and Weisberg, Peter J.},
  Journal = {Ecosphere},
  volume = {13},
  number = {7},
  pages = {e4159},
  doi = {10.1002/ecs2.4159}
}

@article{Falk2022,
  author = {Donald A Falk and Philip J {van Mantgem} and Jon E Keeley and Rachel M Gregg and Christopher H Guiterman and Alan J Tepley and Derek JN Young and Laura A Marshall},
  title = {{Mechanisms of forest resilience}},
  journal = {Forest Ecology and Management},
  year = {2022},
  volume = {512},
  number = {},
  pages = {120129},
  url = {},
  doi = {10.1016/j.foreco.2022.120129},
  month = {April}
}

@article{BigioBuryatia,
  author = {Bigio, Erica R and Swetnam, Thomas and Baisan, Christopher H. and Guiterman, Christopher H. and Kisilyakhov, Yegor K and Andreev, Sergey G and Batotsyrenov, Eduard A and Ayurzhanaev, Alexander A},
  title = {{The influence of land-use activities and regional drought on historical fire regimes of Buryatia, Siberia}},
  journal = {Ecological Research Letters},
  year = {2022},
  volume = {17},
  number = {5},
  pages = {054043},
  url = {},
  doi = {10.1088/1748-9326/ac6964},
  month = {April}
}


@article{shuman_2022,
	title = {Reimagine fire science for the anthropocene},
	year={2022},
	volume={1},
	issue={3},
	pages = {pgac115},
	doi={10.1093/pnasnexus/pgac115},
	journaltitle = {PNAS Nexus},
	author = {Shuman, Jacquelyn K and Balch, Jennifer K and Barnes, Rebecca T and Higuera, Philip E and Roos, Christopher I and Schwilk, Dylan W and Stavros, E Natasha and Banerjee, Tirtha and Bela, Megan M and Bendix, Jacob and Bertolino, Sandro and Bililign, Solomon and Bladon, Kevin D and Brando, Paulo and Breidenthal, Robert E and Buma, Brian and Calhoun, Donna and Carvalho, Leila M V and Cattau, Megan E and Cawley, Kaelin M and Chandra, Sudeep and Chipman, Melissa L and Cobian-IÃ±iguez, Jeanette and Conlisk, Erin and Coop, Jonathan D and Cullen, Alison and Davis, Kimberley T and Dayalu, Archana and Hamilton, Matthew and Hanan, Erin J and Hansen, Winslow D and Hantson, Stijn and Harvey, Brian J and Holz, AndrÃ©s and Huang, Tao and Hurteau, Matthew D and Ilangakoon, Nayani T and Jennings, Megan and Jones, Charles and Klimaszewski-Patterson, Anna and Kobziar, Leda N and Kominoski, John and Kosovic, Branko and Krawchuk, Meg A and Laris, Paul and Leonard, Jackson and Loria-Salazar, S Marcela and Lucash, Melissa and Mahmoud, Hussam and Margolis, Ellis and Maxwell, Toby and {McCarty}, Jessica L and {McWethy}, David B and Meyer, Rachel S and Miesel, Jessica R and Moser, W Keith and Nagy, R Chelsea and Niyogi, Dev and Palmer, Hannah M and Pellegrini, Adam and Poulter, Benjamin and Robertson, Kevin and Rocha, Adrian V and Sadegh, Mojtaba and Santos, Fernanda and Scordo, Facundo and Sexton, Joseph O and Sharma, A Surjalal and Smith, Alistair M S and Soja, Amber J and Still, Christopher and Swetnam, Tyson and Syphard, Alexandra D and Tingley, Morgan W and Tohidi, Ali and Trugman, Anna T and Turetsky, Merritt and Varner, J Morgan and Wang, Yuhang and Whitman, Thea and Yelenik, Stephanie and Zhang, Xuan},
	langid = {english},
}

@article{Roos2022,
	title = {Indigenous fire management and cross-scale fire-climate relationships in the Southwest United States from 1500 to 1900 {CE}},
	volume = {8},
	issn = {2375-2548},
	url = {https://www.science.org/doi/10.1126/sciadv.abq3221},
	doi = {10.1126/sciadv.abq3221},
	pages = {eabq3221},
	number = {49},
	journaltitle = {Science Advances},
	shortjournal = {Sci. Adv.},
	author = {Roos, Christopher I. and Guiterman, Christopher H. and Margolis, Ellis Q. and Swetnam, Thomas W. and Laluk, Nicholas C. and Thompson, Kerry F. and Toya, Chris and Farris, Calvin A. and FulÃ©, Peter Z. and Iniguez, Jose M. and Kaib, J. Mark and Oâ€™Connor, Christopher D. and Whitehair, Lionel},
	urldate = {2022-12-13},
	year = {2022},
	langid = {english}
}

@article{harley2023,
	title = {The Longleaf Tree-Ring Network: Reviewing and expanding the utility of \textit{Pinus palustris} Mill. Dendrochronological data},
	issn = {0309-1333, 1477-0296},
	url = {http://journals.sagepub.com/doi/10.1177/03091333221147652},
	doi = {10.1177/03091333221147652},
	shorttitle = {The Longleaf Tree-Ring Network},
	pages = {030913332211476},
	journaltitle = {Progress in Physical Geography: Earth and Environment},
	shortjournal = {Progress in Physical Geography: Earth and Environment},
	author = {Harley, Grant L and Therrell, Matthew D and Maxwell, Justin T and Bhuta, Arvind and Bregy, Joshua C and Heeter, Karen J and Patterson, Thomas and Rochner, Maegen and Rother, Monica T and Stambaugh, Michael and Zampieri, Nicole E and Altman, Jan and Collins-Key, Savannah A and Gentry, Christopher M and Guiterman, Christopher and Huffman, Jean M and Johnson, Daniel J and King, Daniel J and Larson, Evan R and Leland, Caroline and Nguyen, Hung {TT} and Pederson, Neil and Puhlick, Joshua J and Rao, Mukund Palat and Rodriguez-Caton, Milagros and Sakulich, John B and Singh, Neelratan and Tucker, Clay S and van de Gevel, Saskia L and Kaiser, April L and Ahmad, Sarir},
	urldate = {2023-01-05},
	date = {2023-01-02},
	langid = {english}
}

@article{guiterman_international_2024,
	title = {The {International} {Tree}-{Ring} {Data} {Bank} at {Fifty}: {Status} of {Stewardship} for {Future} {Scientific} {Discovery}},
	volume = {80},
	issn = {1536-1098},
	shorttitle = {The {International} {Tree}-{Ring} {Data} {Bank} at {Fifty}},
	url = {https://bioone.org/journals/tree-ring-research/volume-80/issue-1/TRR2023-2/The-International-Tree-Ring-Data-Bank-at-Fifty--Status/10.3959/TRR2023-2.full},
	doi = {10.3959/TRR2023-2},
	number = {1},
	urldate = {2024-06-28},
	journal = {Tree-Ring Research},
	author = {Guiterman, Christopher H. and Gille, Edward and Shepherd, Ethan and McNeill, Shelley and Payne, Calie R. and Morrill, Carrie},
	month = feb,
	year = {2024},
	keywords = {/unread},
}

@article{doi:10.1139/cjfr-2023-0193,
author = {Fraver, Shawn and Bosely-Smith, Colby and Seirup, Camilla and Guiterman, Christopher H. and Schmeelk, Thomas and Teets, Aaron and Van Kampen, Ruth and Kenefic, Laura S.},
title = {Dendrochronological reconstruction of arborvitae leafminer (Argyresthia spp.) outbreaks on northern white-cedar (Thuja occidentalis) in Maine, USA},
journal = {Canadian Journal of Forest Research},
volume = {54},
number = {4},
pages = {479-485},
year = {2024},
doi = {10.1139/cjfr-2023-0193},
URL = {https://doi.org/10.1139/cjfr-2023-0193}
}
