
@article{LynchWSBW,
  author = {Lynch, A. M. and \textbf{Guiterman, C. H.} and Axelson, J. N.},
  title = {{Abruptness of western spruce budworm outbreaks in Colorado and New Mexico}},
  journal = {Canadian Journal of Forest Research},
  pubstate = {in prep},
  volume = {},
  number = {},
  pages = {},
  url = {},
  doi = {},
  month = {January}
}