@article{Guiterman2020, 
title={Convergence of Evidence Supports a Chuska Mountains Origin for the Plaza Tree of Pueblo Bonito, Chaco Canyon}, DOI={10.1017/aaq.2020.6}, 
journal={American Antiquity}, 
publisher={Cambridge University Press}, 
author={Guiterman, Christopher H. and Baisan, Christopher H. and English, Nathan B. and Quade, Jay and Dean, Jeffrey S. and Swetnam, Thomas W.}, 
year={2020}, 
pages={1–16}
}
@article{Guiterman2019,
author = {Guiterman, Christopher H. and Margolis, Ellis Q. and Baisan, Christopher H. and Falk, Donald A. and Allen, Craig D. and Swetnam, Thomas W.},
doi = {10.1002/ecs2.2932},
journal = {Ecosphere},
number = {11},
pages = {e02932},
title = {{Spatiotemporal variability of human – fire interactions on the Navajo Nation}},
volume = {10},
year = {2019}
}
